@misc{wiki,
title={Radio-Frequency identification},
howpublished={\url{http://en.wikipedia.org/wiki/Radio-frequency_identification}}
}
@misc{wiki2,
title={Capture Effect},
howpublished={\url{http://en.wikipedia.org/wiki/Capture_effect}}
}
@ARTICLE{survey,
author={Klair, D.K. and Kwan-Wu Chin and Raad, R.},
journal={Communications Surveys Tutorials, IEEE}, title={A Survey and Tutorial of RFID Anti-Collision Protocols},
year={2010},
month=quarter ,
volume={12},
number={3},
pages={400 -421},
keywords={RFID;anticollision protocols;radio frequency identification;tag reading protocols;protocols;radiofrequency identification;telecommunication congestion control;},
doi={10.1109/SURV.2010.031810.00037},
ISSN={1553-877X},}

@Article{frame,
    author = {Bin Zhen and Mamoru Kobayashi and Masashi Shimizu},
    title = {Framed ALOHA for Multiple RFID Objects Identification},
    year = {2005},
    journal={IEICE Transaction on Communication}
}